%% LaTeX2e file `2022-rucophd-defense.bib'
%% generated by the `filecontents' environment
%% from source `2022-rucophd-defense' on 2022/08/10.
%%
@article{chalmers1970curie,
  title={Curie's principle},
  author={Chalmers, Alan F},
  journal={The British Journal for the Philosophy of Science},
  volume={21},
  number={2},
  pages={133--148},
  year={1970},
  publisher={JSTOR}
}
