@article{chalmers1970curie,
  title={Curie's principle},
  author={Chalmers, Alan F},
  journal={The British Journal for the Philosophy of Science},
  volume={21},
  number={2},
  pages={133--148},
  year={1970},
  publisher={JSTOR}
}

@article{curie1894symmetry,
  title={On symmetry in physical phenomena, symmetry of an electric field and of a magnetic field},
  author={Curie, Pierre},
  journal={J. Phys},
  volume={3},
  pages={395--415},
  year={1894}
}