





@article{doi:10.1063/1.3371356,
author = {Khmissi,H.  and Sfaxi,L.  and Bouza√Øene,L.  and Saidi,F.  and Maaref,H.  and Bru-Chevallier,C. },
title = {Effect of carriers transfer behavior on the optical properties of InAs quantum dots embedded in AlGaAs/GaAs heterojunction},
journal = {Journal of Applied Physics},
volume = {107},
number = {7},
pages = {074307},
year = {2010},
doi = {10.1063/1.3371356},

URL = { 
        https://doi.org/10.1063/1.3371356
    
},
eprint = { 
        https://doi.org/10.1063/1.3371356
    
}

}

saul.hernandez@upslp.edu.mx
