





@article{doi:10.1063/1.4905020,
author = {Yu,J. L.  and Cheng,S. Y.  and Lai,Y. F.  and Zheng,Q.  and Chen,Y. H.  and Tang,C. G. },
title = {Tuning of in-plane optical anisotropy by inserting ultra-thin InAs layer at interfaces in (001)-grown GaAs/AlGaAs quantum wells},
journal = {Journal of Applied Physics},
volume = {117},
number = {1},
pages = {015302},
year = {2015},
doi = {10.1063/1.4905020},

URL = { 
        https://doi.org/10.1063/1.4905020
    
},
eprint = { 
        https://doi.org/10.1063/1.4905020
    
}

}


