





@article{doi:10.1116/1.582552,
author = {Maluenda,J.  and Frijlink,P. M. },
title = {Abrupt transitions in composition and doping profile in GaAs–Ga1−xAlxAs heterostructures by atmospheric pressure MOVPE},
journal = {Journal of Vacuum Science \& Technology B: Microelectronics Processing and Phenomena},
volume = {1},
number = {2},
pages = {334-337},
year = {1983},
doi = {10.1116/1.582552},

URL = { 
        https://avs.scitation.org/doi/abs/10.1116/1.582552
    
},
eprint = { 
        https://avs.scitation.org/doi/pdf/10.1116/1.582552
    
}

}


