





@article{doi:10.1063/1.333933,
author = {Kawai,H.  and Kaneko,K.  and Watanabe,N. },
title = {Photoluminescence of AlGaAs/GaAs quantum wells grown by metalorganic chemical vapor deposition},
journal = {Journal of Applied Physics},
volume = {56},
number = {2},
pages = {463-467},
year = {1984},
doi = {10.1063/1.333933},

URL = { 
        https://doi.org/10.1063/1.333933
    
},
eprint = { 
        https://doi.org/10.1063/1.333933
    
}

}


