





@article{doi:10.1063/1.3213613,
author = {Kudrawiec,R.  and Misiewicz,J. },
title = {Photoreflectance and contactless electroreflectance measurements of semiconductor structures by using bright and dark configurations},
journal = {Review of Scientific Instruments},
volume = {80},
number = {9},
pages = {096103},
year = {2009},
doi = {10.1063/1.3213613},

URL = { 
        https://doi.org/10.1063/1.3213613
    
},
eprint = { 
        https://doi.org/10.1063/1.3213613
    
}

}


