@article{chand1990origin,
author = {Chand,Naresh  and Chu,S. N. G. },
title = {Origin and improvement of interface roughness in AlGaAs/GaAs heterostructures grown by molecular beam epitaxy},
journal = {Applied Physics Letters},
volume = {57},
number = {17},
pages = {1796-1798},
year = {1990},
doi = {10.1063/1.104025},

URL = { 
        https://doi.org/10.1063/1.104025
    
},
eprint = { 
        https://doi.org/10.1063/1.104025
    
}

}


