@article{marie1997coherent,
  title = {Coherent Control of the Optical Orientation of Excitons in Quantum Wells},
  author = {Marie, X. and Le Jeune, P. and Amand, T. and Brousseau, M. and Barrau, J. and Paillard, M. and Planel, R.},
  journal = {Phys. Rev. Lett.},
  volume = {79},
  issue = {17},
  pages = {3222--3225},
  numpages = {0},
  year = {1997},
  month = {Oct},
  publisher = {American Physical Society},
  doi = {10.1103/PhysRevLett.79.3222},
  url = {https://link.aps.org/doi/10.1103/PhysRevLett.79.3222}
}
